ISA*00*0000000000*00*0000000000*08*Sender         *12*Receiver       *100223*1704*U*00401*100000056*0*P*>
GS*PO*Sender*Receiver*20100223*1704*200000056*X*004010
ST*820*300000056
BPR*I*1059.47*C*CHK
TRN*3*00000018
CUR*PR*USD
N1*PR*TARGET DC                     0551*92*0551
ENT*1
RMR*IV*600000014*PO*1059.47
REF*PO*400000014
SE*9*300000056
GE*1*200000056
IEA*1*100000056
